%YAML 1.1
%TAG !u! tag:unity3d.com,2011:
--- !u!1 &649389264046730783
GameObject:
  m_ObjectHideFlags: 0
  m_CorrespondingSourceObject: {fileID: 0}
  m_PrefabInstance: {fileID: 0}
  m_PrefabAsset: {fileID: 0}
  serializedVersion: 6
  m_Component:
  - component: {fileID: 962619496749588440}
  - component: {fileID: 4909426677345085037}
  - component: {fileID: 4851981401696510304}
  m_Layer: 5
  m_Name: JumpText
  m_TagString: Untagged
  m_Icon: {fileID: 0}
  m_NavMeshLayer: 0
  m_StaticEditorFlags: 0
  m_IsActive: 1
--- !u!224 &962619496749588440
RectTransform:
  m_ObjectHideFlags: 0
  m_CorrespondingSourceObject: {fileID: 0}
  m_PrefabInstance: {fileID: 0}
  m_PrefabAsset: {fileID: 0}
  m_GameObject: {fileID: 649389264046730783}
  m_LocalRotation: {x: 0, y: 0, z: 0, w: 1}
  m_LocalPosition: {x: 0, y: 0, z: 0}
  m_LocalScale: {x: 1, y: 1, z: 1}
  m_Children:
  - {fileID: 8135964343291153795}
  - {fileID: 6939166420941148996}
  m_Father: {fileID: 0}
  m_RootOrder: 0
  m_LocalEulerAnglesHint: {x: 0, y: 0, z: 0}
  m_AnchorMin: {x: 0.5, y: 0.5}
  m_AnchorMax: {x: 0.5, y: 0.5}
  m_AnchoredPosition: {x: 235, y: 117.5}
  m_SizeDelta: {x: 160, y: 30}
  m_Pivot: {x: 0.5, y: 0.5}
--- !u!222 &4909426677345085037
CanvasRenderer:
  m_ObjectHideFlags: 0
  m_CorrespondingSourceObject: {fileID: 0}
  m_PrefabInstance: {fileID: 0}
  m_PrefabAsset: {fileID: 0}
  m_GameObject: {fileID: 649389264046730783}
  m_CullTransparentMesh: 0
--- !u!114 &4851981401696510304
MonoBehaviour:
  m_ObjectHideFlags: 0
  m_CorrespondingSourceObject: {fileID: 0}
  m_PrefabInstance: {fileID: 0}
  m_PrefabAsset: {fileID: 0}
  m_GameObject: {fileID: 649389264046730783}
  m_Enabled: 1
  m_EditorHideFlags: 0
  m_Script: {fileID: 11500000, guid: 5f7201a12d95ffc409449d95f23cf332, type: 3}
  m_Name: 
  m_EditorClassIdentifier: 
  m_Material: {fileID: 0}
  m_Color: {r: 1, g: 1, b: 1, a: 1}
  m_RaycastTarget: 1
  m_Maskable: 1
  m_OnCullStateChanged:
    m_PersistentCalls:
      m_Calls: []
  m_FontData:
    m_Font: {fileID: 10102, guid: 0000000000000000e000000000000000, type: 0}
    m_FontSize: 14
    m_FontStyle: 0
    m_BestFit: 0
    m_MinSize: 10
    m_MaxSize: 40
    m_Alignment: 0
    m_AlignByGeometry: 0
    m_RichText: 1
    m_HorizontalOverflow: 0
    m_VerticalOverflow: 0
    m_LineSpacing: 1
  m_Text: New Text
--- !u!1001 &4964467556158530263
PrefabInstance:
  m_ObjectHideFlags: 0
  serializedVersion: 2
  m_Modification:
    m_TransformParent: {fileID: 962619496749588440}
    m_Modifications:
    - target: {fileID: 359092568777579402, guid: adde5d11ee71ed04688096bdd6a9268d,
        type: 3}
      propertyPath: m_Name
      value: UpArrowJump
      objectReference: {fileID: 0}
    - target: {fileID: 1081573073893312206, guid: adde5d11ee71ed04688096bdd6a9268d,
        type: 3}
      propertyPath: m_Navigation.m_Mode
      value: 0
      objectReference: {fileID: 0}
    - target: {fileID: 3750817370950266708, guid: adde5d11ee71ed04688096bdd6a9268d,
        type: 3}
      propertyPath: m_Pivot.x
      value: 0.5
      objectReference: {fileID: 0}
    - target: {fileID: 3750817370950266708, guid: adde5d11ee71ed04688096bdd6a9268d,
        type: 3}
      propertyPath: m_Pivot.y
      value: 0.5
      objectReference: {fileID: 0}
    - target: {fileID: 3750817370950266708, guid: adde5d11ee71ed04688096bdd6a9268d,
        type: 3}
      propertyPath: m_RootOrder
      value: 0
      objectReference: {fileID: 0}
    - target: {fileID: 3750817370950266708, guid: adde5d11ee71ed04688096bdd6a9268d,
        type: 3}
      propertyPath: m_AnchorMax.x
      value: 0.5
      objectReference: {fileID: 0}
    - target: {fileID: 3750817370950266708, guid: adde5d11ee71ed04688096bdd6a9268d,
        type: 3}
      propertyPath: m_AnchorMax.y
      value: 0.5
      objectReference: {fileID: 0}
    - target: {fileID: 3750817370950266708, guid: adde5d11ee71ed04688096bdd6a9268d,
        type: 3}
      propertyPath: m_AnchorMin.x
      value: 0.5
      objectReference: {fileID: 0}
    - target: {fileID: 3750817370950266708, guid: adde5d11ee71ed04688096bdd6a9268d,
        type: 3}
      propertyPath: m_AnchorMin.y
      value: 0.5
      objectReference: {fileID: 0}
    - target: {fileID: 3750817370950266708, guid: adde5d11ee71ed04688096bdd6a9268d,
        type: 3}
      propertyPath: m_SizeDelta.x
      value: 20
      objectReference: {fileID: 0}
    - target: {fileID: 3750817370950266708, guid: adde5d11ee71ed04688096bdd6a9268d,
        type: 3}
      propertyPath: m_SizeDelta.y
      value: 15
      objectReference: {fileID: 0}
    - target: {fileID: 3750817370950266708, guid: adde5d11ee71ed04688096bdd6a9268d,
        type: 3}
      propertyPath: m_LocalPosition.x
      value: 0
      objectReference: {fileID: 0}
    - target: {fileID: 3750817370950266708, guid: adde5d11ee71ed04688096bdd6a9268d,
        type: 3}
      propertyPath: m_LocalPosition.y
      value: 0
      objectReference: {fileID: 0}
    - target: {fileID: 3750817370950266708, guid: adde5d11ee71ed04688096bdd6a9268d,
        type: 3}
      propertyPath: m_LocalPosition.z
      value: 0
      objectReference: {fileID: 0}
    - target: {fileID: 3750817370950266708, guid: adde5d11ee71ed04688096bdd6a9268d,
        type: 3}
      propertyPath: m_LocalRotation.w
      value: 1
      objectReference: {fileID: 0}
    - target: {fileID: 3750817370950266708, guid: adde5d11ee71ed04688096bdd6a9268d,
        type: 3}
      propertyPath: m_LocalRotation.x
      value: 0
      objectReference: {fileID: 0}
    - target: {fileID: 3750817370950266708, guid: adde5d11ee71ed04688096bdd6a9268d,
        type: 3}
      propertyPath: m_LocalRotation.y
      value: 0
      objectReference: {fileID: 0}
    - target: {fileID: 3750817370950266708, guid: adde5d11ee71ed04688096bdd6a9268d,
        type: 3}
      propertyPath: m_LocalRotation.z
      value: 0
      objectReference: {fileID: 0}
    - target: {fileID: 3750817370950266708, guid: adde5d11ee71ed04688096bdd6a9268d,
        type: 3}
      propertyPath: m_AnchoredPosition.x
      value: 67
      objectReference: {fileID: 0}
    - target: {fileID: 3750817370950266708, guid: adde5d11ee71ed04688096bdd6a9268d,
        type: 3}
      propertyPath: m_AnchoredPosition.y
      value: 7.6
      objectReference: {fileID: 0}
    - target: {fileID: 3750817370950266708, guid: adde5d11ee71ed04688096bdd6a9268d,
        type: 3}
      propertyPath: m_LocalEulerAnglesHint.x
      value: 0
      objectReference: {fileID: 0}
    - target: {fileID: 3750817370950266708, guid: adde5d11ee71ed04688096bdd6a9268d,
        type: 3}
      propertyPath: m_LocalEulerAnglesHint.y
      value: 0
      objectReference: {fileID: 0}
    - target: {fileID: 3750817370950266708, guid: adde5d11ee71ed04688096bdd6a9268d,
        type: 3}
      propertyPath: m_LocalEulerAnglesHint.z
      value: 0
      objectReference: {fileID: 0}
    m_RemovedComponents: []
  m_SourcePrefab: {fileID: 100100000, guid: adde5d11ee71ed04688096bdd6a9268d, type: 3}
--- !u!224 &8135964343291153795 stripped
RectTransform:
  m_CorrespondingSourceObject: {fileID: 3750817370950266708, guid: adde5d11ee71ed04688096bdd6a9268d,
    type: 3}
  m_PrefabInstance: {fileID: 4964467556158530263}
  m_PrefabAsset: {fileID: 0}
--- !u!1001 &6375835990942083174
PrefabInstance:
  m_ObjectHideFlags: 0
  serializedVersion: 2
  m_Modification:
    m_TransformParent: {fileID: 962619496749588440}
    m_Modifications:
    - target: {fileID: 4050805439032785698, guid: 061110b265b877040bcc3035716f88e1,
        type: 3}
      propertyPath: m_Pivot.x
      value: 0.5
      objectReference: {fileID: 0}
    - target: {fileID: 4050805439032785698, guid: 061110b265b877040bcc3035716f88e1,
        type: 3}
      propertyPath: m_Pivot.y
      value: 0.5
      objectReference: {fileID: 0}
    - target: {fileID: 4050805439032785698, guid: 061110b265b877040bcc3035716f88e1,
        type: 3}
      propertyPath: m_RootOrder
      value: 1
      objectReference: {fileID: 0}
    - target: {fileID: 4050805439032785698, guid: 061110b265b877040bcc3035716f88e1,
        type: 3}
      propertyPath: m_AnchorMax.x
      value: 0.5
      objectReference: {fileID: 0}
    - target: {fileID: 4050805439032785698, guid: 061110b265b877040bcc3035716f88e1,
        type: 3}
      propertyPath: m_AnchorMax.y
      value: 0.5
      objectReference: {fileID: 0}
    - target: {fileID: 4050805439032785698, guid: 061110b265b877040bcc3035716f88e1,
        type: 3}
      propertyPath: m_AnchorMin.x
      value: 0.5
      objectReference: {fileID: 0}
    - target: {fileID: 4050805439032785698, guid: 061110b265b877040bcc3035716f88e1,
        type: 3}
      propertyPath: m_AnchorMin.y
      value: 0.5
      objectReference: {fileID: 0}
    - target: {fileID: 4050805439032785698, guid: 061110b265b877040bcc3035716f88e1,
        type: 3}
      propertyPath: m_SizeDelta.x
      value: 20
      objectReference: {fileID: 0}
    - target: {fileID: 4050805439032785698, guid: 061110b265b877040bcc3035716f88e1,
        type: 3}
      propertyPath: m_SizeDelta.y
      value: 15
      objectReference: {fileID: 0}
    - target: {fileID: 4050805439032785698, guid: 061110b265b877040bcc3035716f88e1,
        type: 3}
      propertyPath: m_LocalPosition.x
      value: 0
      objectReference: {fileID: 0}
    - target: {fileID: 4050805439032785698, guid: 061110b265b877040bcc3035716f88e1,
        type: 3}
      propertyPath: m_LocalPosition.y
      value: 0
      objectReference: {fileID: 0}
    - target: {fileID: 4050805439032785698, guid: 061110b265b877040bcc3035716f88e1,
        type: 3}
      propertyPath: m_LocalPosition.z
      value: 0
      objectReference: {fileID: 0}
    - target: {fileID: 4050805439032785698, guid: 061110b265b877040bcc3035716f88e1,
        type: 3}
      propertyPath: m_LocalRotation.w
      value: 1
      objectReference: {fileID: 0}
    - target: {fileID: 4050805439032785698, guid: 061110b265b877040bcc3035716f88e1,
        type: 3}
      propertyPath: m_LocalRotation.x
      value: 0
      objectReference: {fileID: 0}
    - target: {fileID: 4050805439032785698, guid: 061110b265b877040bcc3035716f88e1,
        type: 3}
      propertyPath: m_LocalRotation.y
      value: 0
      objectReference: {fileID: 0}
    - target: {fileID: 4050805439032785698, guid: 061110b265b877040bcc3035716f88e1,
        type: 3}
      propertyPath: m_LocalRotation.z
      value: 0
      objectReference: {fileID: 0}
    - target: {fileID: 4050805439032785698, guid: 061110b265b877040bcc3035716f88e1,
        type: 3}
      propertyPath: m_AnchoredPosition.x
      value: 67
      objectReference: {fileID: 0}
    - target: {fileID: 4050805439032785698, guid: 061110b265b877040bcc3035716f88e1,
        type: 3}
      propertyPath: m_AnchoredPosition.y
      value: -7.4
      objectReference: {fileID: 0}
    - target: {fileID: 4050805439032785698, guid: 061110b265b877040bcc3035716f88e1,
        type: 3}
      propertyPath: m_LocalEulerAnglesHint.x
      value: 0
      objectReference: {fileID: 0}
    - target: {fileID: 4050805439032785698, guid: 061110b265b877040bcc3035716f88e1,
        type: 3}
      propertyPath: m_LocalEulerAnglesHint.y
      value: 0
      objectReference: {fileID: 0}
    - target: {fileID: 4050805439032785698, guid: 061110b265b877040bcc3035716f88e1,
        type: 3}
      propertyPath: m_LocalEulerAnglesHint.z
      value: 0
      objectReference: {fileID: 0}
    - target: {fileID: 5903237977158965624, guid: 061110b265b877040bcc3035716f88e1,
        type: 3}
      propertyPath: m_Navigation.m_Mode
      value: 0
      objectReference: {fileID: 0}
    - target: {fileID: 6936037086748285660, guid: 061110b265b877040bcc3035716f88e1,
        type: 3}
      propertyPath: m_Name
      value: DownArrowJump
      objectReference: {fileID: 0}
    m_RemovedComponents: []
  m_SourcePrefab: {fileID: 100100000, guid: 061110b265b877040bcc3035716f88e1, type: 3}
--- !u!224 &6939166420941148996 stripped
RectTransform:
  m_CorrespondingSourceObject: {fileID: 4050805439032785698, guid: 061110b265b877040bcc3035716f88e1,
    type: 3}
  m_PrefabInstance: {fileID: 6375835990942083174}
  m_PrefabAsset: {fileID: 0}
